
&ARTICLES
@article{Tavani,
	title = {Ethical Concept And Ethical Theories: Estabilish and Justifying a Moral System in Ethics and Technology: Ethical Issues in an Age of Information and Communication Technology},
	author = {Tavani, H.},
	year = {2003},
	pages = {27-43}, 
	publisher = {John Wiley and Sons Publishers}
}

@article{TowardsTheNextGenerationOfRs,
  title = {Towars the Next Generation of Recommendender Systems: A Survey of the State-of-the-Art and Possible Extensions},
  author = {Gediminias Adomavicius and Alexander Tuzhilin},
  month = jun,
  year = {2005},
  volume = {7},
  number = {6},
  journal = {Knowledge and Data Engineering, IEEE Transactions},
}

@article{FriedmanVSDandIS,
  title = {Value Sensitive Design and Information System},
  author = {Batya Friedman and Peter H. Kahn and Alan Borning},
  year = {2006},
  pages = {348-372},
  journal = {Human-Computer Interaction in Management Information Systems: Foundations}
  
}
@article{EmbodyingValues,
  title = {Embodying Values in Technology: Theory and Practice},
  author = {Mary Flanagan and Daniel G. Howe and Helen Nissenbaum},
  journal = {Information and Moral Philosophy},
  year = {2008},
  pages = {322-353},
  publisher = {Cambridge University Press}
  
}

@article{EthicsAndTechnologyDesign,
  title = {Ethics and technology design},
  author = {Anders Albrectslund},
  journal = {Ethics and Information Technology},
  year = {2006},
  pages = {65-72},
  publisher = {Springer}
  
}
&BOOKS
@BOOK{IntroductionRecommenderSystems,
  title = {Recommendender Systems, An Introduction},
  author = {Dietmar Jannach and Markus Zanker and Alexander Felfernig and Gerhard Friedrich},
  year = {2014},
  pages = {1-79},
  publisher = {Cambridge Unversity Press}
}

%ONLINE STUFF
@ONLINE{AmazonReommendations,
author = {Greg Linden and Brent Smith and Jeremy York},
title = {Amazon.com Recommendations - Item-to-Item Collaborative Filtering {@ONLINE}},
month = feb,
year = {2003},
url = {http://www.cs.umd.edu/~samir/498/Amazon-Recommendations.pdf},
note = "[Online; accessed 02-04-2014]"
}

@ONLINE{NetflixPrize,
  title = {The Netflix Prize},
  author = {James Bennet and Stan Lanning},
  year = {2007},
  url = {http://www.cs.uic.edu/~liub/KDD-cup-2007/NetflixPrize-description.pdf},
  note = "[Online; accessed 10-04-2014]"
}

@misc{Comscore,
  author = {comScore, Inc},
  title = {Seach Engine Rankings},
  howpublished = "\url{www.comscore.com/Insights/Press_Releases/2013/11/comScore_Releases_October_2013_US_Search_Engine_Rankings}",
  year = {2013},
  note = "[Online; accessed 13-04-2014]"
}

@misc{InventedComputer,
  author = {Computer Hope},
  title = {When was the first computer invented?},
  howpublished = "\url{http://www.computerhope.com/issues/ch000984.htm}",
  year = {2014},
  note = "[Online; accessed 13-04-2014]"
}

@misc{HistoryOfGoogle,
  author = {Wikipedia},
  title = {History of Google},
  howpublished = "\url{http://en.wikipedia.org/wiki/History_of_Google}",
  year = {2012},
  note = "[Online; accessed 13-04-2014]"
}

@misc{GoogleProducts,
  author = {Boswell, W.},
  title = {The Top Ten Most Useful Google Services},
  howpublished = "\url{http://websearch.about.com/od/usefulsite1/ig/Ten-Most-Useful-Google-Sites/}",
  year = {2013},
  note = "[Online; accessed 13-04-2014]"
}

@misc{PersonalizedSearch,
  author = {Official Blog, Google},
  title = {Personalized Search for everyone},
  howpublished = "\url{http://googleblog.blogspot.dk/2009/12/personalized-search-for-everyone.html}",
  year = {2009},
  note = "[Online; accessed 13-04-2014]"
}

@misc{FilterBubbles,
  author = {Pariser, E.},
  title = {Beware online "filter bubbles"},
  howpublished = "\url{http://www.ted.com/talks/eli_pariser_beware_online_filter_bubbles}",
  year = {2011},
  note = "[Online; accessed 13-04-2014]"
}

@misc{BannedWords,
  author = {Posel, S.},
  title = {No Sex Please: Googleâ€™s Strange List of Banned Words"},
  howpublished = "\url{http://www.occupycorporatism.com/sex-please-googles-strange-list-banned-words/}",
  year = {2013},
  note = "[Online; accessed 13-04-2014]"
}
